@misc{what every programmer should know about memory, part 1 [lwn.net]_2019,
url={https://lwn.net/Articles/250967/},
journal={Lwn.net},
year={2019}
},

@misc{c++ programming/memory management - wikibooks, open books for an open world_2019,
url={https://en.wikibooks.org/wiki/C%2B%2B_Programming/Memory_Management},
journal={En.wikibooks.org},
year={2019}
}